@inproceedings{liu2016comparison,
  title={A comparison of the definitions for smart sensors, smart objects and Things in IoT},
  author={Liu, Xing and Baiocchi, Orlando},
  booktitle={2016 IEEE 7th Annual Information Technology, Electronics and Mobile Communication Conference (IEMCON)},
  pages={1--4},
  year={2016},
  organization={IEEE}
}

@article{turchet2018IoMusT,
	Author = {Turchet, L. and Fischione, C. and Essl, G. and Keller, D. and Barthet, M.},
	Journal = {IEEE Access},
	Publisher = {IEEE},
	Volume = {6},
	Pages = {61994--62017},
	Title = {{Internet of Musical Things: Vision and Challenges}},
	Year = {2018}
}	

@article{turchet2020internet,
  title={The Internet of Musical Things Ontology},
  author={Turchet, Luca and Antoniazzi, Francesco and Viola, Fabio and Giunchiglia, Fausto and Fazekas, Gy{\"o}rgy},
  journal={Journal of Web Semantics},
  volume={60},
  pages={100548},
  year={2020},
  publisher={Elsevier}
}

@article{roffia2018dynamic,
  title={Dynamic linked data: A sparql event processing architecture},
  author={Roffia, Luca and Azzoni, Paolo and Aguzzi, Cristiano and Viola, Fabio and Antoniazzi, Francesco and Salmon Cinotti, Tullio},
  journal={Future Internet},
  volume={10},
  number={4},
  pages={36},
  year={2018},
  publisher={Multidisciplinary Digital Publishing Institute}
}

@inproceedings{guinard2010resource,
  title={A resource oriented architecture for the web of things},
  author={Guinard, Dominique and Trifa, Vlad and Wilde, Erik},
  booktitle={2010 Internet of Things (IOT)},
  pages={1--8},
  year={2010},
  organization={IEEE}
}

@inproceedings{ceriani2018audio,
  title={Audio Commons ontology: a data model for an audio content ecosystem},
  author={Ceriani, Miguel and Fazekas, Gy{\"o}rgy},
  booktitle={International Semantic Web Conference},
  pages={20--35},
  year={2018},
  organization={Springer}
}

@incollection{xambo2018jam,
  title={Jam with Jamendo: Querying a Large Music Collection by Chords from a Learner's Perspective},
  author={Xamb{\'o}, Anna and Pauwels, Johan and Roma, Gerard and Barthet, Mathieu and Fazekas, Gy{\"o}rgy},
  booktitle={Proceedings of the Audio Mostly 2018 on Sound in Immersion and Emotion},
  pages={1--7},
  year={2018}
}

@inproceedings{lefranccois2017sparql,
  title={A SPARQL extension for generating RDF from heterogeneous formats},
  author={Lefran{\c{c}}ois, Maxime and Zimmermann, Antoine and Bakerally, Noorani},
  booktitle={European Semantic Web Conference},
  pages={35--50},
  year={2017},
  organization={Springer}
}

@article{antoniazzi2019building,
  title={Building the Semantic Web of Things Through a Dynamic Ontology},
  author={Antoniazzi, Francesco and Viola, Fabio},
  journal={IEEE Internet of Things Journal},
  volume={6},
  number={6},
  pages={10560--10579},
  year={2019},
  publisher={IEEE}
}
